\let\cleardoublepage\clearpage
%% ----------------------------------------------------------------
%% ECS.bib
%% ---------------------------------------------------------------- 
@MISC{website,
  author =       {National Instruments},
  title =        {Photovoltaic Cell I-V Characterization Theory},
  year =         {2012},
  url =          {http://www.ni.com/white-paper/7230/en/}
},

